@misc{lab5,  howpublished = "\url{http://courses.csail.mit.edu/6.884/spring10/labs/lab5.pdf}", title={Lab 5: Backtracking Search}, author = {Charles E. Leiserson}, institution = {"Massachusetts Institute of Technology"}, year={2010}}
@misc{harder, title={Peg solitaire}, howpublished = "\url{https://ece.uwaterloo.ca/~dwharder/aads/Algorithms/Backtracking/Peg_solitaire/}", journal={Peg solitaire | Algorithms and Data Structures | University of Waterloo}, author={Harder, Douglas Wilhelm}}

@book{bronson2012,
  title={{C++ Programming: Principles and Practices for Scientists and Engineers}},
  author={{Bronson, G.J.}},
  isbn={9781133188612},
  url={https://books.google.co.uk/books?id=pAxbpwAACAAJ},
  year={2012},
  publisher={Cengage Learning}
}

% https://web.archive.org/web/20070317015632/http://www.cse.ohio-state.edu/~gurari/course/cis680/cis680Ch19.html#QQ1-51-128